
:20:STARTUMS
:25:123456789
:28:00001
:NS:22 Schaad Claudio
23Privatkonto
3000000784
314448809
32000
:60F:C190701CHF000000002468,71
:61:1906280701D000000000015,45FMSCNONREF
:NS:01Warenbezug und Dienstleistungen
02Migros M EX Sihlpass
03Maestro Karte
04Kartennummer xxx
0528.06.2019 18:43
06
07
08
09
10
11
12
13
14
15
16
17Warenbezug und Dienstleistungen
:61:1906280701D000000000009,25FMSCNONREF
:NS:01Warenbezug und Dienstleistungen
02Coop-5013 ZH Maagpla
03Maestro Karte
04Kartennummer xxx
0528.06.2019 06:49
06
07
08
09
10
11
12
13
14
15
16
17Warenbezug und Dienstleistungen
:62F:C190705CHF000000002444,01
